010323584212014091020140910201409100005873CIELO03I                    001                                                                                                                                                                                 
110323584210140909     01140909141009000000+0000000006980-0000000000171+0000000000000+0000000006809034100056000000002002980000000140000000 140909  0000000000000 000000000+0000000000000001142521210229564000000002450000000000242246710040               
210323584210140909490172******198800020140909+00000000069800000   066086                    09001000000000000001600000000000000000000000000000000000000142246710                      15233014252121022956400000000001000                                 
110323584210140909     01140909141009000000+0000000042910-0000000001051+0000000000000+0000000041859034100056000000002002980000000140000000 140909  0000000000000 000000000+0000000000000001142521220193488000000002450000000000177895475040               
210323584210140909406669******598600020140909+00000000429100000   654865                    22297300000000000001600000000000000000000000000000000000000177895475                      15354714252122019348800000000001000                                 
11032358421414090901/0301140909141009000000+0000000009508-0000000000257+0000000000000+0000000009251034100056000000002002980000000143000000 140909  0000000000000 000000000+0000000000000001142521200251188000000002700000000000102116172043               
210323584214140909407505******800800020140909+00000000095080103   077109                    22384400000000000001600000000285200000000009506000000000000102116172                      11105714252120025118800000000001000                                 
11032358421414090902/0301140909141110000000+0000000009506-0000000000257+0000000000000+0000000009249034100056000000002002980000000043000000 140909  0000000000000 000000000+0000000000000001142521200251188000000002700000000000102116172043               
11032358421414090903/0301140909141209000000+0000000009506-0000000000257+0000000000000+0000000009249034100056000000002002980000000043000000 140909  0000000000000 000000000+0000000000000001142521200251188000000002700000000000102116172043               
11032358421414090901/0301140909141009000000+0000000031474-0000000000850+0000000000000+0000000030624034100056000000002002980000000243000000 140909  0000000000000 000000000+0000000000000001142521200251189000000002700000000000242246710043               
210323584214140909421845******812700020140909+00000000254040103   090519                    09000100000000000001600000000762100000000025403000000000000142246710                      11164414252120025118900000000001000                                 
210323584214140909406655******729100020140909+00000000060700102   621953                    09000200000000000001600000000121400000000006070000000000000142246710                      11221814252120025118900000000002000                                 
11032358421414090902/0301140909141110000000+0000000031473-0000000000850+0000000000000+0000000030623034100056000000002002980000000043000000 140909  0000000000000 000000000+0000000000000001142521200251189000000002700000000000242246710043               
11032358421414090903/0301140909141209000000+0000000025403-0000000000686+0000000000000+0000000024717034100056000000002002980000000043000000 140909  0000000000000 000000000+0000000000000001142521200251189000000002700000000000242246710043               
11032358421414090901/0301140909141009000000+0000000134358-0000000003627+0000000000000+0000000130731034100056000000002002980000000243000000 140909  0000000000000 000000000+0000000000000001142521210229563000000002700000000000102116172043               
210323584214140909498442******905000020140909+00000000297580103   817105                    22384800000000000001600000000892740000000029758000000000000102116172                      13580114252121022956300000000001000                                 
210323584214140909400217******239200020140909+00000001046000103   791078                    22385200000000000001600000003138000000000104600000000000000102116172                      14101614252121022956300000000002000                                 
11032358421414090902/0301140909141110000000+0000000134358-0000000003627+0000000000000+0000000130731034100056000000002002980000000043000000 140909  0000000000000 000000000+0000000000000001142521210229563000000002700000000000102116172043               
11032358421414090903/0301140909141209000000+0000000134358-0000000003627+0000000000000+0000000130731034100056000000002002980000000043000000 140909  0000000000000 000000000+0000000000000001142521210229563000000002700000000000102116172043               
11032358421414090901/0301140909141009000000+0000000006524-0000000000176+0000000000000+0000000006348034100056000000002002980000000143000000 140909  0000000000000 000000000+0000000000000001142521210229565000000002700000000000242246710043               
210323584214140909453211******672400020140909+00000000065240103   664948                    09000500000000000001600000000195700000000006523000000000000142246710                      12564814252121022956500000000001000                                 
11032358421414090902/0301140909141110000000+0000000006523-0000000000176+0000000000000+0000000006347034100056000000002002980000000043000000 140909  0000000000000 000000000+0000000000000001142521210229565000000002700000000000242246710043               
11032358421414090903/0301140909141209000000+0000000006523-0000000000176+0000000000000+0000000006347034100056000000002002980000000043000000 140909  0000000000000 000000000+0000000000000001142521210229565000000002700000000000242246710043               
11032358421414090901/0301140909141009000000+0000000213209-0000000005757+0000000000000+0000000207452034100056000000002002980000000143000000 140909  0000000000000 000000000+0000000000000001142521220193489000000002700000000000102116172043               
210323584214140909406669******325700020140909+00000002132090103   653468                    22385600000000000001600000006396250000000213208000000000000102116172                      17053414252122019348900000000001000                                 
11032358421414090902/0301140909141110000000+0000000213208-0000000005757+0000000000000+0000000207451034100056000000002002980000000043000000 140909  0000000000000 000000000+0000000000000001142521220193489000000002700000000000102116172043               
11032358421414090903/0301140909141209000000+0000000213208-0000000005757+0000000000000+0000000207451034100056000000002002980000000043000000 140909  0000000000000 000000000+0000000000000001142521220193489000000002700000000000102116172043               
11032358421414090901/0301140909141009000000+0000000016308-0000000000440+0000000000000+0000000015868034100056000000002002980000000143000000 140909  0000000000000 000000000+0000000000000001142521220193490000000002700000000000242246710043               
210323584214140909498423******159800020140909+00000000163080103   006034                    09002000000000000001600000000489200000000016306000000000000142246710                      17052014252122019349000000000001000                                 
11032358421414090902/0301140909141110000000+0000000016306-0000000000440+0000000000000+0000000015866034100056000000002002980000000043000000 140909  0000000000000 000000000+0000000000000001142521220193490000000002700000000000242246710043               
11032358421414090903/0301140909141209000000+0000000016306-0000000000440+0000000000000+0000000015866034100056000000002002980000000043000000 140909  0000000000000 000000000+0000000000000001142521220193490000000002700000000000242246710043               
11032358421414090901/0301140909141009000000+0000000032980-0000000000890+0000000000000+0000000032090034100056000000002002980000000143000000 140909  0000000000000 000000000+0000000000000001142521230119153000000002700000000000102116172043               
210323584214140909400689******296600020140909+00000000329800103   549431                    22385700000000000001600000000989380000000032979000000000000102116172                      17483314252123011915300000000001000                                 
11032358421414090902/0301140909141110000000+0000000032979-0000000000890+0000000000000+0000000032089034100056000000002002980000000043000000 140909  0000000000000 000000000+0000000000000001142521230119153000000002700000000000102116172043               
11032358421414090903/0301140909141209000000+0000000032979-0000000000890+0000000000000+0000000032089034100056000000002002980000000043000000 140909  0000000000000 000000000+0000000000000001142521230119153000000002700000000000102116172043               
110323584215140909     01140909140910000000+0000000036300-0000000000657+0000000000000+0000000035643034100056000000002002980000000141000000 140909  0000000000000 000000000+0000000000000001142521110242048000000001810000000000242246710041               
210323584215140909498407******474000020140909+00000000363000000   143567                    09000400000000000001600000000000000000000000000000000000000142246710                      12060614252111024204800000000001000                                 
110323584215140909     01140909140910000000+0000000004980-0000000000090+0000000000000+0000000004890034100056000000002002980000000141000000 140909  0000000000000 000000000+0000000000000001142521120226961000000001810000000000102116172041               
210323584215140909482481******350700020140909+00000000049800000   058959                    22384900000000000001600000000000000000000000000000000000000102116172                      13591414252112022696100000000001000                                 
110323584215140909     01140909140910000000+0000000012980-0000000000235+0000000000000+0000000012745034100056000000002002980000000141000000 140909  0000000000000 000000000+0000000000000001142521120226962000000001810000000000177895475041               
210323584215140909438034******388100020140909+00000000129800000   138275                    22297100000000000001600000000000000000000000000000000000000177895475                      14270414252112022696200000000001000                                 
110323584215140909     01140909140910000000+0000000020960-0000000000379+0000000000000+0000000020581034100056000000002002980000000141000000 140909  0000000000000 000000000+0000000000000001142521130191994000000001810000000000242246710041               
210323584215140909498453******611700020140909+00000000209600000   261835                    09002100000000000001600000000000000000000000000000000000000142246710                      17103514252113019199400000000001000                                 
11042638230414090901/0301140909141009000000+0000000008434-0000000000228+0000000000000+0000000008206034100056000000002002980000000243000000 140909  0000000000000 000000000+0000000000000001142521200306641000000002700000000000311199335043               
210426382304140909000000000000000000020140909+00000000036200103   0451911042638230000AAC200300273200000000000001600000000108580000000003619000000000000111199335  4882                10581114252120030664100000000001000                                 
210426382304140909000000000000000000020140909+00000000048140103   0717041042638230000AAE200300273400000000000001600000000144380000000004812000000000000111199335  4885                12273614252120030664100000000002000                                 
11042638230414090902/0301140909141110000000+0000000008431-0000000000228+0000000000000+0000000008203034100056000000002002980000000043000000 140909  0000000000000 000000000+0000000000000001142521200306641000000002700000000000311199335043               
11042638230414090903/0301140909141209000000+0000000008431-0000000000228+0000000000000+0000000008203034100056000000002002980000000043000000 140909  0000000000000 000000000+0000000000000001142521200306641000000002700000000000311199335043               
11042638230414090901/0301140909141009000000+0000000018035-0000000000486+0000000000000+0000000017549034100056000000002002980000000343000000 140909  0000000000000 000000000+0000000000000001142521210282142000000002700000000000311199335043               
210426382304140909000000000000000000020140909+00000000075360102   7667041042638230000AB1200200273700000000000001600000000150720000000007536000000000000111199335  4888                13372614252121028214200000000001000                                 
210426382304140909000000000000000000020140909+00000000031940103   9032391042638230000AB2200300273800000000000001600000000095820000000003194000000000000111199335  4894                14373014252121028214200000000002000                                 
210426382304140909000000000000000000020140909+00000000073050103   0515481042638230000AB3200300273900000000000001600000000219110000000007303000000000000111199335  4896                15173114252121028214200000000003000                                 
11042638230414090902/0301140909141110000000+0000000018033-0000000000486+0000000000000+0000000017547034100056000000002002980000000043000000 140909  0000000000000 000000000+0000000000000001142521210282142000000002700000000000311199335043               
11042638230414090903/0301140909141209000000+0000000010497-0000000000283+0000000000000+0000000010214034100056000000002002980000000043000000 140909  0000000000000 000000000+0000000000000001142521210282142000000002700000000000311199335043               
11042638230414090901/0301140909141009000000+0000000033623-0000000000908+0000000000000+0000000032715034100056000000002002980000000543000000 140909  0000000000000 000000000+0000000000000001142521220238105000000002700000000000311199335043               
210426382304140909000000000000000000020140909+00000000037730103   0719771042638230000AB4200300274000000000000001600000000113170000000003772000000000000111199335  4900                17173714252122023810500000000001000                                 
210426382304140909000000000000000000020140909+00000000049500103   0562741042638230000AB5200300274100000000000001600000000148480000000004949000000000000111199335  4903                17474314252122023810500000000002000                                 
210426382304140909000000000000000000020140909+00000000039290102   0659181042638230000AB7200200274300000000000001600000000078580000000003929000000000000111199335  4906                18273514252122023810500000000003000                                 
210426382304140909000000000000000000020140909+00000000154860103   0063411042638230000AB9200300274500000000000001600000000464580000000015486000000000000111199335  4908                18472214252122023810500000000004000                                 
210426382304140909000000000000000000020140909+00000000054850103   0500201042638230000ABA200300274600000000000001600000000164550000000005485000000000000111199335  4909                18472514252122023810500000000005000                                 
11042638230414090902/0301140909141110000000+0000000033621-0000000000908+0000000000000+0000000032713034100056000000002002980000000043000000 140909  0000000000000 000000000+0000000000000001142521220238105000000002700000000000311199335043               
11042638230414090903/0301140909141209000000+0000000029692-0000000000802+0000000000000+0000000028890034100056000000002002980000000043000000 140909  0000000000000 000000000+0000000000000001142521220238105000000002700000000000311199335043               
11042638230414090901/0301140909141009000000+0000000051762-0000000001397+0000000000000+0000000050365034100056000000002002980000000343000000 140909  0000000000000 000000000+0000000000000001142521230151771000000002700000000000311199335043               
210426382304140909000000000000000000020140909+00000000445270103   6723831042638230000ABC200300274800000000000001600000001335770000000044525000000000000111199335  4912                19372314252123015177100000000001000                                 
210426382304140909000000000000000000020140909+00000000031430103   6750661042638230000ABF200300275100000000000001600000000094270000000003142000000000000111199335  4915                20275014252123015177100000000002000                                 
210426382304140909000000000000000000020140909+00000000040920103   4744591042638230000AC1200300275300000000000001600000000122760000000004092000000000000111199335  4919                21474414252123015177100000000003000                                 
11042638230414090902/0301140909141110000000+0000000051759-0000000001397+0000000000000+0000000050362034100056000000002002980000000043000000 140909  0000000000000 000000000+0000000000000001142521230151771000000002700000000000311199335043               
11042638230414090903/0301140909141209000000+0000000051759-0000000001397+0000000000000+0000000050362034100056000000002002980000000043000000 140909  0000000000000 000000000+0000000000000001142521230151771000000002700000000000311199335043               
11042638230414090901/0201140909141009000000+0000000003929-0000000000106+0000000000000+0000000003823034100056000000002002980000000143000000 140909  0000000000000 000000000+0000000000000001142521240058823000000002700000000000311199335043               
210426382304140909000000000000000000020140909+00000000039290102   6746681042638230000AC4200200275600000000000001600000000078580000000003929000000000000111199335  4922                22474614252124005882300000000001000                                 
11042638230414090902/0201140909141110000000+0000000003929-0000000000106+0000000000000+0000000003823034100056000000002002980000000043000000 140909  0000000000000 000000000+0000000000000001142521240058823000000002700000000000311199335043               
110323584210140909     01140909141009000000+0000000008980-0000000000220+0000000000000+0000000008760034100056000000002002980000000110000000 140909  0000000000000 000000000+0000000000000002142525140231335000000002450000000000102116172010               
210323584210140909541187******910300020140909+00000000089800000   006585                    22384500000000000001600000000000000000000000000000000000000102116172                      11120214252514023133500000000001000                                 
110323584210140909     01140909141009000000+0000000010980-0000000000269+0000000000000+0000000010711034100056000000002002980000000210000000 140909  0000000000000 000000000+0000000000000002142525150210313000000002450000000000242246710010               
210323584210140909515590******244200020140909+00000000056000000   482264                    09001100000000000001600000000000000000000000000000000000000142246710                      15482214252515021031300000000001000                                 
210323584210140909544731******695700020140909+00000000053800000   564780                    09001200000000000001600000000000000000000000000000000000000142246710                      15564714252515021031300000000002000                                 
11032358421414090901/0301140909141009000000+0000000060298-0000000001628+0000000000000+0000000058670034100056000000002002980000000112000000 140909  0000000000000 000000000+0000000000000002142525150210311000000002700000000000102116172012               
210323584214140909522840******116000020140909+00000000602980103   003842                    22385000000000000001600000001808940000000060298000000000000102116172                      14003814252515021031100000000001000                                 
11032358421414090902/0301140909141110000000+0000000060298-0000000001628+0000000000000+0000000058670034100056000000002002980000000012000000 140909  0000000000000 000000000+0000000000000002142525150210311000000002700000000000102116172012               
11032358421414090903/0301140909141208000000+0000000060298-0000000001628+0000000000000+0000000058670034100056000000002002980000000012000000 140909  0000000000000 000000000+0000000000000002142525150210311000000002700000000000102116172012               
11032358421414090901/0301140909141009000000+0000000040424-0000000001091+0000000000000+0000000039333034100056000000002002980000000112000000 140909  0000000000000 000000000+0000000000000002142525150210312000000002700000000000178027920012               
210323584214140909514945******043600020140909+00000000404240103   069859                    43529900000000000001600000001212700000000040423000000000000178027920                      14443114252515021031200000000001000                                 
11032358421414090902/0301140909141110000000+0000000040423-0000000001091+0000000000000+0000000039332034100056000000002002980000000012000000 140909  0000000000000 000000000+0000000000000002142525150210312000000002700000000000178027920012               
11032358421414090903/0301140909141208000000+0000000040423-0000000001091+0000000000000+0000000039332034100056000000002002980000000012000000 140909  0000000000000 000000000+0000000000000002142525150210312000000002700000000000178027920012               
110323584215140909     01140909140910000000+0000000014340-0000000000260+0000000000000+0000000014080034100056000000002002980000000111000000 140909  0000000000000 000000000+0000000000000002142525040184374000000001810000000000242246710011               
210323584215140909589916******642900020140909+00000000143400000   289173                    09002200000000000001600000000000000000000000000000000000000142246710                      17542314252504018437400000000001000                                 
110323584215140909     01140909140910000000+0000000043500-0000000000787+0000000000000+0000000042713034100056000000002002980000000111000000 140909  0000000000000 000000000+0000000000000002142525010332878000000001810000000000242246710011               
210323584215140909528052******578600020140909+00000000435000000   421172                    09000300000000000001600000000000000000000000000000000000000142246710                      11421114252501033287800000000001000                                 
110323584215140909     01140909140910000000+0000000092920-0000000001682+0000000000000+0000000091238034100056000000002002980000000211000000 140909  0000000000000 000000000+0000000000000002142525020303276000000001810000000000102116172011               
210323584215140909525664******300600020140909+00000000789500000   179061                    22385100000000000001600000000000000000000000000000000000000102116172                      14070114252502030327600000000001000                                 
210323584215140909589916******593500020140909+00000000139700000   192033                    22385400000000000001600000000000000000000000000000000000000102116172                      14342414252502030327600000000002000                                 
110323584215140909     01140909140910000000+0000000015040-0000000000272+0000000000000+0000000014768034100056000000002002980000000171000000 140909  0000000000000 000000000+0000000000000007142525020303277000000001810000000000102116172071               
210323584215140909627780******824300020140909+00000000150400000   628588                    22385300000000000001600000000000000000000000000000000000000102116172                      14191114252502030327700000000001000                                 
110323584215140909     01140909140910000000+0000000012970-0000000000235+0000000000000+0000000012735034100056000000002002980000000111000000 140909  0000000000000 000000000+0000000000000002142525020303278000000001810000000000242246710011               
210323584215140909548573******248800020140909+00000000129700000   055307                    09000900000000000001600000000000000000000000000000000000000142246710                      15214614252502030327800000000001000                                 
110323584215140909     01140909140910000000+0000000033950-0000000000614+0000000000000+0000000033336034100056000000002002980000000111000000 140909  0000000000000 000000000+0000000000000002142525030255678000000001810000000000242246710011               
210323584215140909589916******429900020140909+00000000339500000   259177                    09001900000000000001600000000000000000000000000000000000000142246710                      17005314252503025567800000000001000                                 
11042638230414090901/0301140909141009000000+0000000083779-0000000002262+0000000000000+0000000081517034100056000000002002980000000312000000 140909  0000000000000 000000000+0000000000000002142525140285963000000002700000000000311199335012               
210426382304140909000000000000000000020140909+00000000054200103   5722851042638230000AAA200300273000000000000001600000000162580000000005419000000000000111199335  4878                00572214252514028596300000000001000                                 
210426382304140909000000000000000000020140909+00000000736500103   0567351042638230000AAD200300273300000000000001600000002209500000000073650000000000000111199335  4884                11575014252514028596300000000002000                                 
210426382304140909000000000000000000020140909+00000000047090102   5755531042638230000AAF200200273500000000000001600000000094170000000004708000000000000111199335  4886                12575514252514028596300000000003000                                 
11042638230414090902/0301140909141110000000+0000000083777-0000000002262+0000000000000+0000000081515034100056000000002002980000000012000000 140909  0000000000000 000000000+0000000000000002142525140285963000000002700000000000311199335012               
11042638230414090903/0301140909141208000000+0000000079069-0000000002135+0000000000000+0000000076934034100056000000002002980000000012000000 140909  0000000000000 000000000+0000000000000002142525140285963000000002700000000000311199335012               
11042638230414090901/0301140909141009000000+0000000005024-0000000000136+0000000000000+0000000004888034100056000000002002980000000112000000 140909  0000000000000 000000000+0000000000000002142525160223087000000002700000000000311199335012               
210426382304140909000000000000000000020140909+00000000050240103   0254841042638230000AB6200300274200000000000001600000000150720000000005024000000000000111199335  4904                17573614252516022308700000000001000                                 
11042638230414090902/0301140909141110000000+0000000005024-0000000000136+0000000000000+0000000004888034100056000000002002980000000012000000 140909  0000000000000 000000000+0000000000000002142525160223087000000002700000000000311199335012               
11042638230414090903/0301140909141208000000+0000000005024-0000000000136+0000000000000+0000000004888034100056000000002002980000000012000000 140909  0000000000000 000000000+0000000000000002142525160223087000000002700000000000311199335012               
11042638230414090901/0301140909141009000000+0000000028167-0000000000761+0000000000000+0000000027406034100056000000002002980000000412000000 140909  0000000000000 000000000+0000000000000002142525170144564000000002700000000000311199335012               
210426382304140909000000000000000000020140909+00000000030220103   T917931042638230000ABB200300274700000000000001600000000090620000000003020000000000000111199335  4911                19272214252517014456400000000001000                                 
210426382304140909000000000000000000020140909+00000000040410102   0773491042638230000ABD200200274900000000000001600000000080820000000004041000000000000111199335  4913                19573114252517014456400000000002000                                 
210426382304140909000000000000000000020140909+00000000096310103   5732471042638230000ABE200300275000000000000001600000000288910000000009630000000000000111199335  4914                19573214252517014456400000000003000                                 
210426382304140909000000000000000000020140909+00000000114730102   0552051042638230000AC0200200275200000000000001600000000229460000000011473000000000000111199335  4917                21172214252517014456400000000004000                                 
11042638230414090902/0301140909141110000000+0000000028164-0000000000761+0000000000000+0000000027403034100056000000002002980000000012000000 140909  0000000000000 000000000+0000000000000002142525170144564000000002700000000000311199335012               
11042638230414090903/0301140909141208000000+0000000012650-0000000000342+0000000000000+0000000012308034100056000000002002980000000012000000 140909  0000000000000 000000000+0000000000000002142525170144564000000002700000000000311199335012               
110426382300140909     01140909141009000000+0000000041812-0000000001025+0000000000000+0000000040787034100056000000002002980000000340000000 140909  0000000000000 000000000+0000000000000001142521240058822000000002450000000000311199335040               
210426382300140909000000000000000000020140909+00000000088180000   6723531042638230000AC2100100275400000000000001600000000000000000000000000000000000000111199335  4920                22072214252124005882200000000001000                                 
210426382300140909000000000000000000020140909+00000000078580000   0942241042638230000AC5100100275700000000000001600000000000000000000000000000000000000111199335  4923                22572314252124005882200000000002000                                 
210426382300140909000000000000000000020140909+00000000251360000   0098051042638230000AC6100100275800000000000001600000000000000000000000000000000000000111199335  4924                23473914252124005882200000000003000                                 
110426382300140909     01140909141009000000+0000000028891-0000000000708+0000000000000+0000000028183034100056000000002002980000000140000000 140909  0000000000000 000000000+0000000000000001142521220238104000000002450000000000311199335040               
210426382300140909000000000000000000020140909+00000000288910000   0911971042638230000AB8100100274400000000000001600000000000000000000000000000000000000111199335  4907                18372314252122023810400000000001000                                 
900000000119                                                                                                                                                                                                                                              
